<?xml version="1.0" encoding="utf-8"?>
<record xmlns="http://www.loc.gov/MARC21/slim" xmlns:xsi="http://www.w3.org/2001/XMLSchema-instance" xsi:schemaLocation="http://www.loc.gov/MARC21/slim http://www.loc.gov/standards/marcxml/schema/MARC21slim.xsd">
	<leader>
		03076nam a2200505   4500
	</leader>
	<controlfield tag="001">
		001567435
	</controlfield>
	<controlfield tag="003">
		NNU
	</controlfield>
	<controlfield tag="006">
		m        d        
	</controlfield>
	<controlfield tag="007">
		cr cn |||m|||a
	</controlfield>
	<controlfield tag="008">
		151105s1968    iq      ob    000 0 arar 
	</controlfield>
	<datafield ind1=" " ind2=" " tag="040">
		<subfield code="a">
			NNU
		</subfield>
		<subfield code="b">
			eng
		</subfield>
		<subfield code="c">
			NNU
		</subfield>
	</datafield>
	<datafield ind1=" " ind2=" " tag="043">
		<subfield code="a">
			a-ye---
		</subfield>
	</datafield>
	<datafield ind1=" " ind2="4" tag="050">
		<subfield code="a">
			DS247.A27
		</subfield>
		<subfield code="b">
			A23 1968
		</subfield>
	</datafield>
	<datafield ind1="1" ind2=" " tag="100">
		<subfield code="6">
			880-01
		</subfield>
		<subfield code="a">
			Abū Makhramah, al-Ṭayyib ibn ʻAbd Allāh,
		</subfield>
		<subfield code="d">
			1465-1540.
		</subfield>
	</datafield>
	<datafield ind1="1" ind2="0" tag="240">
		<subfield code="6">
			880-02
		</subfield>
		<subfield code="a">
			Tārīkh thaghr ʻAdan
		</subfield>
	</datafield>
	<datafield ind1="1" ind2="0" tag="245">
		<subfield code="6">
			880-03
		</subfield>
		<subfield code="a">
			Tārīkh thaghr ʻAdan
		</subfield>
		<subfield code="h">
			[electronic resource] /
		</subfield>
		<subfield code="c">
			taʼlīf Abī Muḥammad ʻAbd Allāh al-Ṭayyib ibn ʻAbd Allāh ibn Aḥmad Abī Makhramah ; maʻa nakhab min tawārīkh Ibn al-Mujāwīn wa-al-Jindi wa-al-Ahdal.
		</subfield>
	</datafield>
	<datafield ind1="1" ind2="5" tag="246">
		<subfield code="a">
			Arabische texte zur Kenntnis der Stadt Aden im Mittlealter : Abū Maḫrama's Adengeschichte nebst einschlägigen Abschnitten aus den Werken von Ibn al-Muǧāwir, al-Ǧanadī und al-Ahdal
		</subfield>
	</datafield>
	<datafield ind1=" " ind2=" " tag="260">
		<subfield code="6">
			880-04
		</subfield>
		<subfield code="a">
			Baghdād :
		</subfield>
		<subfield code="b">
			Maktabat al-Muthanná,
		</subfield>
		<subfield code="c">
			[1968?].
		</subfield>
	</datafield>
	<datafield ind1=" " ind2=" " tag="300">
		<subfield code="a">
			online resource (2 v. in 1)
		</subfield>
	</datafield>
	<datafield ind1=" " ind2=" " tag="500">
		<subfield code="a">
			Reprint of the ed. prepared by Löfgren and published in Uppsala, 1936-1950.
		</subfield>
	</datafield>
	<datafield ind1=" " ind2=" " tag="500">
		<subfield code="a">
			Part of the Arabic Collections Online (ACO) project, contributed by New York Univeristy Libraries.
		</subfield>
	</datafield>
	<datafield ind1=" " ind2=" " tag="504">
		<subfield code="a">
			Includes bibliographical references.
		</subfield>
	</datafield>
	<datafield ind1=" " ind2=" " tag="533">
		<subfield code="a">
			Electronic reproduction.
		</subfield>
		<subfield code="b">
			New York, N.Y. :
		</subfield>
		<subfield code="c">
			New York University,
		</subfield>
		<subfield code="d">
			2015.
		</subfield>
		<subfield code="5">
			NNU
		</subfield>
	</datafield>
	<datafield ind1=" " ind2="0" tag="651">
		<subfield code="a">
			Yemen, South
		</subfield>
		<subfield code="x">
			History
		</subfield>
		<subfield code="v">
			Early works to 1800.
		</subfield>
	</datafield>
	<datafield ind1=" " ind2="7" tag="651">
		<subfield code="a">
			Yemen, South.
		</subfield>
		<subfield code="2">
			fast
		</subfield>
		<subfield code="0">
			(OCoLC)fst01864819
		</subfield>
	</datafield>
	<datafield ind1=" " ind2="7" tag="655">
		<subfield code="a">
			Early works.
		</subfield>
		<subfield code="2">
			fast
		</subfield>
		<subfield code="0">
			(OCoLC)fst01411636
		</subfield>
	</datafield>
	<datafield ind1=" " ind2="7" tag="655">
		<subfield code="a">
			History.
		</subfield>
		<subfield code="2">
			fast
		</subfield>
		<subfield code="0">
			(OCoLC)fst01411628
		</subfield>
	</datafield>
	<datafield ind1="1" ind2=" " tag="700">
		<subfield code="6">
			880-05
		</subfield>
		<subfield code="a">
			Ibn al-Mujāwir, Yūsuf ibn Yaʻqūb,
		</subfield>
		<subfield code="d">
			1204 or 1205-1291 or 1292.
		</subfield>
	</datafield>
	<datafield ind1="1" ind2=" " tag="700">
		<subfield code="6">
			880-06
		</subfield>
		<subfield code="a">
			Janadī, Muḥammad ibn Yaʻqūb,
		</subfield>
		<subfield code="d">
			-1332?
		</subfield>
	</datafield>
	<datafield ind1="1" ind2=" " tag="700">
		<subfield code="6">
			880-07
		</subfield>
		<subfield code="a">
			ʻAbd al-Ḥamīd, ʻAlī Ḥasan ʻAlī.
		</subfield>
	</datafield>
	<datafield ind1="1" ind2=" " tag="700">
		<subfield code="6">
			880-08
		</subfield>
		<subfield code="a">
			Ibn al-Ahdal, al-Ḥusayn ibn ʻAbd al-Raḥmān,
		</subfield>
		<subfield code="d">
			-1451.
		</subfield>
	</datafield>
	<datafield ind1="2" ind2=" " tag="710">
		<subfield code="a">
			New York University.
		</subfield>
		<subfield code="b">
			Libraries.
		</subfield>
	</datafield>
	<datafield ind1="0" ind2=" " tag="730">
		<subfield code="a">
			Arabic Collections Online.
		</subfield>
	</datafield>
	<datafield ind1="0" ind2="8" tag="776">
		<subfield code="i">
			Print version:
		</subfield>
		<subfield code="a">
			Abū Makhramah, al-Ṭayyib ibn ʻAbd Allāh, 1465-1540.
		</subfield>
		<subfield code="t">
			Tārīkh thaghr ʻAdan
		</subfield>
		<subfield code="w">
			(NNU)001567435
		</subfield>
		<subfield code="w">
			(DLC)   78961251
		</subfield>
	</datafield>
	<datafield ind1="4" ind2="0" tag="856">
		<subfield code="u">
			http://hdl.handle.net/2333.1/73n5tdzg
		</subfield>
	</datafield>
	<datafield ind1="1" ind2=" " tag="880">
		<subfield code="6">
			100-01/
		</subfield>
		<subfield code="a">
			أبو مخرمة، الطيب بن عبد الله،
		</subfield>
		<subfield code="d">
			1465-1540.
		</subfield>
	</datafield>
	<datafield ind1="1" ind2="0" tag="880">
		<subfield code="6">
			240-02/
		</subfield>
		<subfield code="a">
			تاريخ ثغر عدن
		</subfield>
	</datafield>
	<datafield ind1="1" ind2="0" tag="880">
		<subfield code="6">
			245-03/
		</subfield>
		<subfield code="a">
			تاريخ ثغر عدن /
		</subfield>
		<subfield code="c">
			تأليف أبي محمد عبد الله الطيب بن عبد الله بن أحمد أبي مخرمة ؛ مع نخب من تواريخ ابن المجاور والجندي والاهدل.
		</subfield>
	</datafield>
	<datafield ind1=" " ind2=" " tag="880">
		<subfield code="6">
			260-04/
		</subfield>
		<subfield code="a">
			بغداد :
		</subfield>
		<subfield code="b">
			مكتبة المثنى،
		</subfield>
		<subfield code="c">
			[1968?]
		</subfield>
	</datafield>
	<datafield ind1="1" ind2=" " tag="880">
		<subfield code="6">
			700-05/
		</subfield>
		<subfield code="a">
			ابن المجاور، يوسف بن يعقوب،
		</subfield>
		<subfield code="d">
			1204 or 1205-1291 or 1292.
		</subfield>
	</datafield>
	<datafield ind1="1" ind2=" " tag="880">
		<subfield code="6">
			700-06/
		</subfield>
		<subfield code="a">
			جندي، محمد بن يعقوب،
		</subfield>
		<subfield code="d">
			-1332?
		</subfield>
	</datafield>
	<datafield ind1="1" ind2=" " tag="880">
		<subfield code="6">
			700-07/
		</subfield>
		<subfield code="a">
			عبد الحميد، علي حسن علي.
		</subfield>
	</datafield>
	<datafield ind1="1" ind2=" " tag="880">
		<subfield code="6">
			700-08/
		</subfield>
		<subfield code="a">
			ابن الاهدل، الحسين بن عبد الرحمن،
		</subfield>
		<subfield code="d">
			-1451.
		</subfield>
	</datafield>
	<datafield ind1=" " ind2=" " tag="959">
		<subfield code="a">
			NNU
		</subfield>
		<subfield code="b">
			WEB
		</subfield>
		<subfield code="c">
			GENI
		</subfield>
		<subfield code="t">
			0
		</subfield>
		<subfield code="m">
			Electronic access
		</subfield>
		<subfield code="s">
			01
		</subfield>
	</datafield>
	<datafield ind1=" " ind2=" " tag="999">
		<subfield code="i">
			NNU_001567435
		</subfield>
		<subfield code="s">
			nyu_aco001441
		</subfield>
		<subfield code="e">
			(ERROR-880)
		</subfield>
	</datafield>
</record>
